Automatically generated by Mendeley Desktop 1.17.13
Any changes to this file will be lost if it is regenerated by Mendeley.

BibTeX export options can be customized via Preferences -> BibTeX in Mendeley Desktop

@article{Hara2018,
author = {Hara, Konan and Tomio, Jun and Svensson, Thomas and Ohkuma, Rika and Svensson, Akiko Kishi and Yamazaki, Tsutomu},
doi = {10.1016/j.jclinepi.2018.03.004},
file = {:Users/harakonan/Dropbox/Research/Published/Hara{\_}et{\_}al{\_}2018{\_}JCE{\_}Association measures of claims-based algorithms for common chronic conditions were assessed using regularly collected data in Japan.pdf:pdf},
issn = {08954356},
journal = {Journal of Clinical Epidemiology},
keywords = {administrative data,algorithms,association measures,diabetes,dyslipidemia,hypertension},
month = {jul},
pages = {84--95},
publisher = {Elsevier Inc},
title = {{Association measures of claims-based algorithms for common chronic conditions were assessed using regularly collected data in Japan}},
url = {http://linkinghub.elsevier.com/retrieve/pii/S0895435617310041},
volume = {99},
year = {2018}
}
@article{Kinoshita2017,
author = {Kinoshita, Yoshitaka and Ishikawa, Akira and Hara, Konan and Sugihara, Toru and Ishibashi, Yoshitaka and Homma, Yukio},
doi = {10.1111/hdi.12581},
file = {:Users/harakonan/Library/Application Support/Mendeley Desktop/Downloaded/Kinoshita et al. - 2017 - Plasma cell neoplasm as a risk factor for early thrombosis of arteriovenous fistula.pdf:pdf},
issn = {14927535},
journal = {Hemodialysis International},
keywords = {amyloidosis,arteriovenous shunt,multiple myeloma,outcome,thrombosis},
month = {aug},
pages = {3--6},
title = {{Plasma cell neoplasm as a risk factor for early thrombosis of arteriovenous fistula}},
url = {http://doi.wiley.com/10.1111/hdi.12581},
year = {2017}
}
